
%%%%%%%%%%%%%%%%%%%%%%%%%%%%%%%%%%%%%%%%%%%%%%%%%%%%%%%%%%%%%%%%%%%%%%%%%%%%%%%%%%%%%%%%%%%%%%%%%%%%%%%%%%%%%%%%%
@article{guo2019underwater,
  title={Underwater image enhancement using a multiscale dense generative adversarial network},
  author={Guo, Yecai and Li, Hanyu and Zhuang, Peixian},
  journal={IEEE Journal of Oceanic Engineering},
  volume={45},
  number={3},
  pages={862--870},
  year={2019},
  publisher={IEEE}
}
@article{zhang2022underwater,
  title={Underwater Image Enhancement via Minimal Color Loss and Locally Adaptive Contrast Enhancement},
  author={Zhang, Weidong and Zhuang, Peixian and Sun, Hai-Han and Li, Guohou and Kwong, Sam and Li, Chongyi},
  journal={IEEE Transactions on Image Processing},
  volume={31},
  pages={3997--4010},
  year={2022},
  publisher={IEEE}
}

@inproceedings{zhuang2021retinex,
  title={Retinex Underwater Image Enhancement With Multiorder Gradient Priors},
  author={Zhuang, Peixian},
  booktitle={2021 IEEE International Conference on Image Processing (ICIP)},
  pages={1709--1713},
  year={2021},
  organization={IEEE}
}

@article{2020Underwater,
  title={Underwater Image Enhancement Based on a Spiral Generative Adversarial Framework},
  author={Han, Ruyue and Guan, Yang and Yu, Zhibin and Liu, Peng and Zheng, Haiyong},
  journal={IEEE Access},
  volume={8},
  pages={218838--218852},
  year={2020},
  publisher={IEEE},
  doi={10.1109/ACCESS.2020.3041280}
}

@article{kraskov2004estimating,
  title={Estimating mutual information},
  author={Kraskov, Alexander and St{\"o}gbauer, Harald and Grassberger, Peter},
  journal={Physical review E},
  volume={69},
  number={6},
  pages={066138},
  year={2004},
  publisher={APS},
  doi={10.1103/PhysRevE.69.066138}
}

@inproceedings{goodman2003development,
  title={Development of the 960p stereoscopic video format},
  author={Goodman, Jason},
  booktitle={Stereoscopic Displays and Virtual Reality Systems X},
  volume={5006},
  pages={187--194},
  year={2003},
  organization={International Society for Optics and Photonics}
}


@inproceedings{2021LAFFNet,
  title={Laffnet: A lightweight adaptive feature fusion network for underwater image enhancement},
  author={Yang, Hao-Hsiang and Huang, Kuan-Chih and Chen, Wei-Ting},
  booktitle={Proceedings of the IEEE International Conference on Robotics and Automation},
  pages={685--692},
  year={2021},
  organization={IEEE},
  doi={10.1049/ipr2.12061}
}

@article{wang2021uiec,
  title={UIEC\^{} 2-Net: CNN-based underwater image enhancement using two color space},
  author={Wang, Yudong and Guo, Jichang and Gao, Huan and Yue, Huihui},
  journal={Signal Processing: Image Communication},
  volume={96},
  pages={116250},
  year={2021},
  publisher={Elsevier},
  doi={10.1016/j.image.2021.116250}
}

@article{lu2017underwater,
  title={Underwater optical image processing: a comprehensive review},
  author={Lu, Huimin and Li, Yujie and Zhang, Yudong and Chen, Min and Serikawa, Seiichi and Kim, Hyoungseop},
  journal={Mobile Networks and Applications},
  volume={22},
  number={6},
  pages={1204--1211},
  year={2017},
  publisher={Springer},
  doi={10.1007/s11036-017-0863-4}
}

@inproceedings{maas2013rectifier,
  title={Rectifier nonlinearities improve neural network acoustic models},
  author={Maas, Andrew L and Hannun, Awni Y and Ng, Andrew Y and others},
  booktitle={International Conference on Machine Learning},
  volume={30},
  number={1},
  pages={3},
  year={2013},
  organization={Citeseer}
}

@inproceedings{ioffe2015batch,
  title={Batch normalization: Accelerating deep network training by reducing internal covariate shift},
  author={Ioffe, Sergey and Szegedy, Christian},
  booktitle={International Conference on Machine Learning},
  pages={448--456},
  year={2015},
  organization={PMLR}
}

@inproceedings{2020Closed,
  title={Closed-loop matters: Dual regression networks for single image super-resolution},
  author={Guo, Yong and Chen, Jian and Wang, Jingdong and Chen, Qi and Cao, Jiezhang and Deng, Zeshuai and Xu, Yanwu and Tan, Mingkui},
  booktitle={Proceedings of the IEEE/CVF Conference on Computer Vision and Pattern Recognition},
  pages={5407--5416},
  year={2020},
  doi={10.1109/CVPR42600.2020.00545}
}

@inproceedings{zhang2018image,
  title={Image super-resolution using very deep residual channel attention networks},
  author={Zhang, Yulun and Li, Kunpeng and Li, Kai and Wang, Lichen and Zhong, Bineng and Fu, Yun},
  booktitle={Proceedings of the European Conference on Computer Vision},
  pages={286--301},
  year={2018}
}

@article{2019Underwater,
  title={Underwater image enhancement with a deep residual framework},
  author={Liu, Peng and Wang, Guoyu and Qi, Hao and Zhang, Chufeng and Zheng, Haiyong and Yu, Zhibin},
  journal={IEEE Access},
  volume={7},
  pages={94614--94629},
  year={2019},
  publisher={IEEE},
  doi={10.1109/ACCESS.2019.2928976}
}

@inproceedings{2013Transmission,
  title={Transmission estimation in underwater single images},
  author={Drews, Paul and Nascimento, Erickson and Moraes, Filipe and Botelho, Silvia and Campos, Mario},
  booktitle={Proceedings of the IEEE/CVF International Conference on Computer Vision Workshops},
  pages={825--830},
  year={2013}
}

@inproceedings{2017DSLR,
  title={Dslr-quality photos on mobile devices with deep convolutional networks},
  author={Ignatov, Andrey and Kobyshev, Nikolay and Timofte, Radu and Vanhoey, Kenneth and Van Gool, Luc},
  booktitle={Proceedings of the IEEE/CVF International Conference on Computer Vision},
  pages={3277--3285},
  year={2017}
}

@inproceedings{8578758,
  title={Deep photo enhancer: Unpaired learning for image enhancement from photographs with gans},
  author={Chen, Yu-Sheng and Wang, Yu-Ching and Kao, Man-Hsin and Chuang, Yung-Yu},
  booktitle={Proceedings of the IEEE/CVF Conference on Computer Vision and Pattern Recognition},
  pages={6306--6314},
  year={2018}
}

@article{1977Image,
  title={Image enhancement by histogram transformation},
  author={Hummel, Robert},
  journal={Unknown},
  year={1975},
  doi={10.1016/S0146-664X(77)80011-7}
}

@article{1995AUTOMATIC,
  title={Automatic white balance for digital still camera},
  author={Liu, Yung-Cheng and Chan, Wen-Hsin and Chen, Ye-Quang},
  journal={IEEE Transactions on Consumer Electronics},
  volume={41},
  number={3},
  pages={460--466},
  year={1995},
  publisher={IEEE},
  doi={10.1109/30.468045}
}

@inproceedings{2018ShuffleNet,
  title={Shufflenet v2: Practical guidelines for efficient cnn architecture design},
  author={Ma, Ningning and Zhang, Xiangyu and Zheng, Hai-Tao and Sun, Jian},
  booktitle={Proceedings of the European Conference on Computer Vision},
  pages={116--131},
  year={2018},
  doi={10.1007/978-3-030-01264-9_8}
}

@inproceedings{2017ShuffleNet,
  title={Shufflenet: An extremely efficient convolutional neural network for mobile devices},
  author={Zhang, Xiangyu and Zhou, Xinyu and Lin, Mengxiao and Sun, Jian},
  booktitle={Proceedings of the IEEE/CVF Conference on Computer Vision and Pattern Recognition},
  pages={6848--6856},
  year={2018},
  doi={10.48550/arXiv.1707.01083}
}

@article{2014Conditional,
  title={Conditional generative adversarial nets},
  author={Mirza, Mehdi and Osindero, Simon},
  journal={arXiv preprint arXiv:1411.1784},
  year={2014},
  doi={10.48550/arXiv.1411.1784}
}

@article{2010Rectified,
  title={Rectified linear units improve restricted boltzmann machines vinod nair},
  author={Hinton, Geoffrey E},
  year={2010},
  publisher={Citeseer}
}

@inproceedings{8100115,
  title={Image-to-image translation with conditional adversarial networks},
  author={Isola, Phillip and Zhu, Jun-Yan and Zhou, Tinghui and Efros, Alexei A},
  booktitle={Proceedings of the IEEE/CVF Conference on Computer Vision and Pattern Recognition},
  pages={1125--1134},
  year={2017}
}

@inproceedings{8237506,
  title={Unpaired image-to-image translation using cycle-consistent adversarial networks},
  author={Zhu, Jun-Yan and Park, Taesung and Isola, Phillip and Efros, Alexei A},
  booktitle={Proceedings of the IEEE/CVF International Conference on Computer Vision},
  pages={2223--2232},
  year={2017},
  doi={10.1109/ICCV.2017.244}
}

@article{2019Artificial,
  title={Artificial color constancy via GoogleNet with angular loss function},
  author={Sidorov, Oleksii},
  journal={Applied Artificial Intelligence},
  volume={34},
  number={9},
  pages={643--655},
  year={2020},
  publisher={Taylor \& Francis},
  doi={10.1080/08839514.2020.1730630}
}

@article{9001231,
  title={Fast underwater image enhancement for improved visual perception},
  author={Islam, Md Jahidul and Xia, Youya and Sattar, Junaed},
  journal={IEEE Robotics and Automation Letters},
  volume={5},
  number={2},
  pages={3227--3234},
  year={2020},
  publisher={IEEE},
  doi={10.1109/LRA.2020.2974710}
}

@inproceedings{akkaynak2019sea,
  title={Sea-thru: A method for removing water from underwater images},
  author={Akkaynak, Derya and Treibitz, Tali},
  booktitle={Proceedings of the IEEE/CVF Conference on Computer Vision and Pattern Recognition},
  pages={1682--1691},
  year={2019}
}

@article{8917818,
  title={An underwater image enhancement benchmark dataset and beyond},
  author={Li, Chongyi and Guo, Chunle and Ren, Wenqi and Cong, Runmin and Hou, Junhui and Kwong, Sam and Tao, Dacheng},
  journal={IEEE Transactions on Image Processing},
  volume={29},
  pages={4376--4389},
  year={2019},
  publisher={IEEE},
  doi={10.1109/TIP.2019.2955241}
}

@article{8949763,
  title={Real-world underwater enhancement: Challenges, benchmarks, and solutions under natural light},
  author={Liu, Risheng and Fan, Xin and Zhu, Ming and Hou, Minjun and Luo, Zhongxuan},
  journal={IEEE Transactions on Circuits and Systems for Video Technology},
  volume={30},
  number={12},
  pages={4861--4875},
  year={2020},
  publisher={IEEE},
  doi={10.1109/TCSVT.2019.2963772}
}

@inproceedings{A2010Image,
  title={Image quality metrics: PSNR vs. SSIM},
  author={Hore, Alain and Ziou, Djemel},
  booktitle={International Conference on Pattern Recognition},
  pages={2366--2369},
  year={2010},
  organization={IEEE}
}

@article{7305804,
  title={Human-visual-system-inspired underwater image quality measures},
  author={Panetta, Karen and Gao, Chen and Agaian, Sos},
  journal={IEEE Journal of Oceanic Engineering},
  volume={41},
  number={3},
  pages={541--551},
  year={2015},
  publisher={IEEE},
  doi={10.1109/JOE.2015.2469915}
}

@article{wang2015patch,
  title={A patch-structure representation method for quality assessment of contrast changed images},
  author={Wang, Shiqi and Ma, Kede and Yeganeh, Hojatollah and Wang, Zhou and Lin, Weisi},
  journal={IEEE Signal Processing Letters},
  volume={22},
  number={12},
  pages={2387--2390},
  year={2015},
  publisher={IEEE},
  doi={10.1109/LSP.2015.2487369}
}

@article{yang2015underwater,
  title={An underwater color image quality evaluation metric},
  author={Yang, Miao and Sowmya, Arcot},
  journal={IEEE Transactions on Image Processing},
  volume={24},
  number={12},
  pages={6062--6071},
  year={2015},
  publisher={IEEE},
  doi={10.1109/TIP.2015.2491020}
}

@article{wang2018imaging,
  title={An imaging-inspired no-reference underwater color image quality assessment metric},
  author={Wang, Yan and Li, Na and Li, Zongying and Gu, Zhaorui and Zheng, Haiyong and Zheng, Bing and Sun, Mengnan},
  journal={Computers \& Electrical Engineering},
  volume={70},
  pages={904--913},
  year={2018},
  publisher={Elsevier},
  doi={10.1016/j.compeleceng.2017.12.006}
}

@inproceedings{liang2021high,
  title={High-resolution photorealistic image translation in real-time: A laplacian pyramid translation network},
  author={Liang, Jie and Zeng, Hui and Zhang, Lei},
  booktitle={Proceedings of the IEEE/CVF Conference on Computer Vision and Pattern Recognition},
  pages={9392--9400},
  year={2021}
}

@inproceedings{8460552,
  title={Enhancing underwater imagery using generative adversarial networks},
  author={Fabbri, Cameron and Islam, Md Jahidul and Sattar, Junaed},
  booktitle={Proceedings of the IEEE International Conference on Robotics and Automation},
  pages={7159--7165},
  year={2018},
  organization={IEEE}
}

@inproceedings{109340,
  title={Contrast-limited adaptive histogram equalization: speed and effectiveness},
  author={Pizer, Stephen M and Johnston, R Eugene and Ericksen, James P and Yankaskas, Bonnie C and Muller, Keith E},
  booktitle={Proceedings of the First Conference on Visualization in Biomedical Computing},
  pages={337--338},
  year={1990},
  organization={IEEE Computer Society}
}

@article{islam2020simultaneous,
  title={Simultaneous enhancement and super-resolution of underwater imagery for improved visual perception},
  author={Islam, Md Jahidul and Luo, Peigen and Sattar, Junaed},
  journal={arXiv preprint arXiv:2002.01155},
  year={2020},
  doi={10.48550/arXiv.2002.01155}
}

@inproceedings{2020Practical,
  title={Practical deep raw image denoising on mobile devices},
  author={Wang, Yuzhi and Huang, Haibin and Xu, Qin and Liu, Jiaming and Liu, Yiqun and Wang, Jue},
  booktitle={Proceedings of the European Conference on Computer Vision},
  pages={1--16},
  year={2020},
  organization={Springer}
}

@inproceedings{2020Domain,
  title={Domain adaptation for image dehazing},
  author={Shao, Yuanjie and Li, Lerenhan and Ren, Wenqi and Gao, Changxin and Sang, Nong},
  booktitle={Proceedings of the IEEE/CVF Conference on Computer Vision and Pattern Recognition},
  pages={2808--2817},
  year={2020},
  doi={10.1109/CVPR42600.2020.00288}
}

@inproceedings{radford2015unsupervised,
  title={Unsupervised representation learning with deep convolutional neural network for remote sensing images},
  author={Yu, Yang and Gong, Zhiqiang and Zhong, Ping and Shan, Jiaxin},
  booktitle={International Conference on Image and Graphics},
  pages={97--108},
  year={2017},
  organization={Springer}
}

@inproceedings{2019GhostNet,
  title={Ghostnet: More features from cheap operations},
  author={Han, Kai and Wang, Yunhe and Tian, Qi and Guo, Jianyuan and Xu, Chunjing and Xu, Chang},
  booktitle={Proceedings of the IEEE/CVF Conference on Computer Vision and Pattern Recognition},
  pages={1580--1589},
  year={2020}
}

@article{2021Generative,
  title={Generative Adversarial Network with Multi-branch Discriminator for imbalanced cross-species image-to-image translation},
  author={Zheng, Ziqiang and Yu, Zhibin and Wu, Yang and Zheng, Haiyong and Zheng, Bing and Lee, Minho},
  journal={Neural Networks},
  volume={141},
  pages={355--371},
  year={2021},
  publisher={Elsevier},
  doi={10.1016/J.NEUNET.2021.04.013}
}

@article{2019Underwater1,
  title={Underwater scene prior inspired deep underwater image and video enhancement},
  author={Li, Chongyi and Anwar, Saeed and Porikli, Fatih},
  journal={Pattern Recognition},
  volume={98},
  pages={107038},
  year={2020},
  publisher={Elsevier},
  doi={10.1016/j.patcog.2019.107038}
}

@inproceedings{naik2021shallow,
  title={Shallow-UWnet: Compressed Model for Underwater Image Enhancement (Student Abstract)},
  author={Naik, Ankita and Swarnakar, Apurva and Mittal, Kartik},
  booktitle={Proceedings of the AAAI Conference on Artificial Intelligence},
  volume={35},
  number={18},
  pages={15853--15854},
  year={2021}
}

@article{lowe2004distinctive,
  title={Distinctive image features from scale-invariant keypoints},
  author={Lowe, David G},
  journal={International Journal of Computer Vision},
  volume={60},
  number={2},
  pages={91--110},
  year={2004},
  publisher={Springer},
  doi={10.1023/B:VISI.0000029664.99615.94}
}

@article{4767851,
  title={A computational approach to edge detection},
  author={Canny, John},
  journal={IEEE Transactions on Pattern Analysis and Machine Intelligence},
  number={6},
  pages={679--698},
  year={1986},
  publisher={Ieee},
  doi={10.1109/TPAMI.1986.4767851}
}

@inproceedings{zhu2021cpm,
  title={CPM R-CNN: Calibrating point-guided misalignment in object detection},
  author={Zhu, Bin and Song, Qing and Yang, Lu and Wang, Zhihui and Liu, Chun and Hu, Mengjie},
  booktitle={Proceedings of the IEEE/CVF Winter Conference on Applications of Computer Vision},
  pages={3248--3257},
  year={2021},
  doi={10.48550/arXiv.2003.03570}
}

@article{bhogale2020data,
  title={Data-free Knowledge Distillation for Segmentation using Data-Enriching GAN},
  author={Bhogale, Kaushal},
  journal={arXiv preprint arXiv:2011.00809},
  year={2020},
  doi={10.48550/arXiv.2011.00809}
}

@article{2018YOLOv3,
  title={Yolov3: An incremental improvement},
  author={Redmon, Joseph and Farhadi, Ali},
  journal={arXiv preprint arXiv:1804.02767},
  year={2018},
  doi={10.48550/arXiv.1804.02767}
}

@article{2014Generative,
  title={Generative adversarial nets},
  author={Goodfellow, Ian and Pouget-Abadie, Jean and Mirza, Mehdi and Xu, Bing and Warde-Farley, David and Ozair, Sherjil and Courville, Aaron and Bengio, Yoshua},
  journal={Advances in Neural Information Processing Systems},
  volume={27},
  year={2014}
}

@inproceedings{2012Enhancing,
  title={Enhancing underwater images and videos by fusion},
  author={Ancuti, Cosmin and Ancuti, Codruta Orniana and Haber, Tom and Bekaert, Philippe},
  booktitle={Proceedings of the IEEE/CVF Conference on Computer Vision and Pattern Recognition},
  pages={81--88},
  year={2012},
  organization={IEEE}
}

@inproceedings{2015A,
  title={A retinex-based enhancing approach for single underwater image},
  author={Fu, Xueyang and Zhuang, Peixian and Huang, Yue and Liao, Yinghao and Zhang, Xiao-Ping and Ding, Xinghao},
  booktitle={International Conference on Image Processing},
  pages={4572--4576},
  year={2014},
  organization={IEEE}
}

@article{ZHANG20171,
  title={Underwater image enhancement via extended multi-scale Retinex},
  author={Zhang, Shu and Wang, Ting and Dong, Junyu and Yu, Hui},
  journal={Neurocomputing},
  volume={245},
  pages={1--9},
  year={2017},
  publisher={Elsevier},
  doi={10.1016/j.neucom.2017.03.029}
}

@article{2016Underwater,
  title={Underwater image enhancement method using weighted guided trigonometric filtering and artificial light correction},
  author={Lu, Huimin and Li, Yujie and Xu, Xing and Li, Jianru and Liu, Zhifei and Li, Xin and Yang, Jianmin and Serikawa, Seiichi},
  journal={Journal of Visual Communication and Image Representation},
  volume={38},
  pages={504--516},
  year={2016},
  publisher={Elsevier},
  doi={10.1016/j.jvcir.2016.03.029}
}

@article{zhuang2021bayesian,
  title={Bayesian retinex underwater image enhancement},
  author={Zhuang, Peixian and Li, Chongyi and Wu, Jiamin},
  journal={Engineering Applications of Artificial Intelligence},
  volume={101},
  pages={104171},
  year={2021},
  publisher={Elsevier},
  doi={10.1016/j.engappai.2021.104171}
}

@inproceedings{2010Initial,
  title={Initial results in underwater single image dehazing},
  author={Carlevaris-Bianco, Nicholas and Mohan, Anush and Eustice, Ryan M},
  booktitle={Oceans Mts/IEEE Seattle},
  pages={1--8},
  year={2010},
  organization={IEEE}
}

@article{2011Single,
  title={Single image haze removal using dark channel prior},
  author={He, Kaiming and Sun, Jian and Tang, Xiaoou},
  journal={IEEE Transactions on Pattern Analysis and Machine Intelligence},
  volume={33},
  number={12},
  pages={2341--2353},
  year={2010},
  publisher={IEEE},
  doi={10.1109/TPAMI.2010.168}
}

@article{7574330,
  title={Underwater image enhancement by dehazing with minimum information loss and histogram distribution prior},
  author={Li, Chong-Yi and Guo, Ji-Chang and Cong, Run-Min and Pang, Yan-Wei and Wang, Bo},
  journal={IEEE Transactions on Image Processing},
  volume={25},
  number={12},
  pages={5664--5677},
  year={2016},
  publisher={IEEE},
  doi={10.1109/TIP.2016.2612882}
}

@article{7840002,
  title={Underwater image restoration based on image blurriness and light absorption},
  author={Peng, Yan-Tsung and Cosman, Pamela C},
  journal={IEEE Transactions on Image Processing},
  volume={26},
  number={4},
  pages={1579--1594},
  year={2017},
  publisher={IEEE},
  doi={10.1109/TIP.2017.2663846}
}

@article{LI201762,
  title={A hybrid method for underwater image correction},
  author={Li, Chongyi and Guo, Jichang and Guo, Chunle and Cong, Runmin and Gong, Jiachang},
  journal={Pattern Recognition Letters},
  volume={94},
  pages={62--67},
  year={2017},
  publisher={Elsevier},
  doi={10.1016/j.patrec.2017.05.023}
}

@inproceedings{2016Estimation,
  title={Estimation of ambient light and transmission map with common convolutional architecture},
  author={Shin, Young-Sik and Cho, Younggun and Pandey, Gaurav and Kim, Ayoung},
  booktitle={OCEANS MTS/IEEE Monterey},
  pages={1--7},
  year={2016},
  organization={IEEE}
}

@article{9311705,
  title={Attenuation coefficient guided two-stage network for underwater image restoration},
  author={Lin, Yufei and Shen, Liquan and Wang, Zhengyong and Wang, Kun and Zhang, Xi},
  journal={IEEE Signal Processing Letters},
  volume={28},
  pages={199--203},
  year={2020},
  publisher={IEEE},
  doi={10.1109/LSP.2020.3048619}
}

@article{2017WaterGAN,
  title={WaterGAN: Unsupervised generative network to enable real-time color correction of monocular underwater images},
  author={Li, Jie and Skinner, Katherine A and Eustice, Ryan M and Johnson-Roberson, Matthew},
  journal={IEEE Robotics and Automation Letters},
  volume={3},
  number={1},
  pages={387--394},
  year={2017},
  publisher={IEEE},
  doi={10.1109/LRA.2017.2730363}
}

@article{8624564,
  title={Towards real-time advancement of underwater visual quality with GAN},
  author={Chen, Xingyu and Yu, Junzhi and Kong, Shihan and Wu, Zhengxing and Fang, Xi and Wen, Li},
  journal={IEEE Transactions on Industrial Electronics},
  volume={66},
  number={12},
  pages={9350--9359},
  year={2019},
  publisher={IEEE},
  doi={10.48550/arXiv.1712.00736}
}

@inproceedings{2016Designing,
  title={Designing energy-efficient convolutional neural networks using energy-aware pruning},
  author={Yang, Tien-Ju and Chen, Yu-Hsin and Sze, Vivienne},
  booktitle={Proceedings of the IEEE/CVF Conference on Computer Vision and Pattern Recognition},
  pages={5687--5695},
  year={2017}
}

@article{2017A,
  title={A survey of model compression and acceleration for deep neural networks},
  author={Cheng, Yu and Wang, Duo and Zhou, Pan and Zhang, Tao},
  journal={arXiv preprint arXiv:1710.09282},
  year={2017},
  doi={10.48550/arXiv.1710.09282}
}

@inproceedings{2016Deep,
  title={Deep residual learning for image recognition},
  author={He, Kaiming and Zhang, Xiangyu and Ren, Shaoqing and Sun, Jian},
  booktitle={Proceedings of the IEEE/CVF Conference on Computer Vision and Pattern Recognition},
  pages={770--778},
  year={2016}
}

@inproceedings{2019EfficientNet,
  title={Efficientnet: Rethinking model scaling for convolutional neural networks},
  author={Tan, Mingxing and Le, Quoc},
  booktitle={International Conference on Machine Learning},
  pages={6105--6114},
  year={2019},
  organization={PMLR}
}

@inproceedings{2014Going,
  title={Going deeper with convolutions},
  author={Szegedy, Christian and Liu, Wei and Jia, Yangqing and Sermanet, Pierre and Reed, Scott and Anguelov, Dragomir and Erhan, Dumitru and Vanhoucke, Vincent and Rabinovich, Andrew},
  booktitle={Proceedings of the IEEE/CVF Conference on Computer Vision and Pattern Recognition},
  pages={1--9},
  year={2015},
  doi={10.1109/CVPR.2015.7298594}
}

@inproceedings{2018Mutual,
  title={Mutual information neural estimation},
  author={Belghazi, Mohamed Ishmael and Baratin, Aristide and Rajeshwar, Sai and Ozair, Sherjil and Bengio, Yoshua and Courville, Aaron and Hjelm, Devon},
  booktitle={International Conference on Machine Learning},
  pages={531--540},
  year={2018},
  organization={PMLR}
}

@article{Kinney2014Equitability,
  title={Equitability, mutual information, and the maximal information coefficient},
  author={Kinney, Justin B and Atwal, Gurinder S},
  journal={Proceedings of the National Academy of Sciences},
  volume={111},
  number={9},
  pages={3354--3359},
  year={2014},
  publisher={National Acad Sciences},
  doi={10.1073/pnas.1309933111}
}

@incollection{whitcomb2000advances,
  title={Advances in underwater robot vehicles for deep ocean exploration: Navigation, control, and survey operations},
  author={Whitcomb, Louis and Yoerger, Dana R and Singh, Hanumant and Howland, Jonathan},
  booktitle={Robotics Research},
  pages={439--448},
  year={2000},
  publisher={Springer},
  doi={10.1007/978-1-4471-0765-1_53}
}

@article{2007Coral,
  title={Coral reefs under rapid climate change and ocean acidification},
  author={Hoegh-Guldberg, Ove and Mumby, Peter J and Hooten, Anthony J and Steneck, Robert S and Greenfield, Paul and Gomez, Edgardo and Harvell, C Drew and Sale, Peter F and Edwards, Alasdair J and Caldeira, Ken and others},
  journal={Science},
  volume={318},
  number={5857},
  pages={1737--1742},
  year={2007},
  publisher={American Association for the Advancement of Science},
  doi={10.1126/science.1152509}
}

@inproceedings{6385685,
  title={Multi-domain monitoring of marine environments using a heterogeneous robot team},
  author={Shkurti, Florian and Xu, Anqi and Meghjani, Malika and Higuera, Juan Camilo Gamboa and Girdhar, Yogesh and Giguere, Philippe and Dey, Bir Bikram and Li, Jimmy and Kalmbach, Arnold and Prahacs, Chris and others},
  booktitle={Proceedings of the IEEE/RSJ International Conference on Intelligent Robots and Systems},
  pages={1747--1753},
  year={2012},
  organization={IEEE}
}

@article{9020130,
  title={Underwater single image color restoration using haze-lines and a new quantitative dataset},
  author={Berman, Dana and Levy, Deborah and Avidan, Shai and Treibitz, Tali},
  journal={IEEE Transactions on Pattern Analysis and Machine Intelligence},
  volume={43},
  number={8},
  pages={2822--2837},
  year={2020},
  publisher={IEEE},
  doi={10.1109/TPAMI.2020.2977624}
}

@article{bryson2016true,
  title={True color correction of autonomous underwater vehicle imagery},
  author={Bryson, Mitch and Johnson-Roberson, Matthew and Pizarro, Oscar and Williams, Stefan B},
  journal={Journal of Field Robotics},
  volume={33},
  number={6},
  pages={853--874},
  year={2016},
  publisher={Wiley Online Library},
  doi={10.1002/rob.21638}
}

@inproceedings{2019An,
  title={An energy and GPU-computation efficient backbone network for real-time object detection},
  author={Lee, Youngwan and Hwang, Joong-won and Lee, Sangrok and Bae, Yuseok and Park, Jongyoul},
  booktitle={Proceedings of the IEEE/CVF Conference on Computer Vision and Pattern Recognition Workshops},
  pages={0--0},
  year={2019}
}

@article{2021Underwater,
  title={Underwater image enhancement via medium transmission-guided multi-color space embedding},
  author={Li, Chongyi and Anwar, Saeed and Hou, Junhui and Cong, Runmin and Guo, Chunle and Ren, Wenqi},
  journal={IEEE Transactions on Image Processing},
  volume={30},
  pages={4985--5000},
  year={2021},
  publisher={IEEE},
  doi={10.1109/TIP.2021.3076367}
}

@inproceedings{2015U,
  title={U-net: Convolutional networks for biomedical image segmentation},
  author={Ronneberger, Olaf and Fischer, Philipp and Brox, Thomas},
  booktitle={International Conference on Medical Image Computing and Computer-assisted Intervention},
  pages={234--241},
  year={2015},
  organization={Springer},
  doi={10.1007/978-3-319-24574-4_28}
}

@inproceedings{2017Xception,
  title={Xception: Deep learning with depthwise separable convolutions},
  author={Chollet, Fran{\c{c}}ois},
  booktitle={Proceedings of the IEEE/CVF Conference on Computer Vision and Pattern Recognition},
  pages={1251--1258},
  year={2017}
}

@inproceedings{2018MobileNetV2,
  title={Mobilenetv2: Inverted residuals and linear bottlenecks},
  author={Sandler, Mark and Howard, Andrew and Zhu, Menglong and Zhmoginov, Andrey and Chen, Liang-Chieh},
  booktitle={Proceedings of the IEEE/CVF Conference on Computer Vision and Pattern Recognition},
  pages={4510--4520},
  year={2018}
}

@inproceedings{2016Ship,
  title={Ship to shore: ROV dive logging and data acquisition},
  author={Jenkyns, Reyna and Cheng, Jonathan and Kershtien, Shane and Lavallee, Tim and Qi, Daisy and Schouten, Ron and Tomlin, Meghan},
  booktitle={OCEANS MTS/IEEE Washington},
  pages={1--4},
  year={2015},
  organization={IEEE}
}

@inproceedings{ren2021online,
  title={Online multi-granularity distillation for gan compression},
  author={Ren, Yuxi and Wu, Jie and Xiao, Xuefeng and Yang, Jianchao},
  booktitle={Proceedings of the IEEE/CVF International Conference on Computer Vision},
  pages={6793--6803},
  year={2021}
}

@inproceedings{yang2021asynchronous,
  title={Asynchronous multi-view slam},
  author={Yang, Anqi Joyce and Cui, Can and B{\^a}rsan, Ioan Andrei and Urtasun, Raquel and Wang, Shenlong},
  booktitle={2021 IEEE International Conference on Robotics and Automation (ICRA)},
  pages={5669--5676},
  year={2021},
  organization={IEEE}
}